[gd_scene load_steps=14 format=3 uid="uid://bw6evq571p63o"]

[ext_resource type="Script" path="res://powerup.gd" id="1_auuom"]
[ext_resource type="Texture2D" uid="uid://bwdl6eg4gefyc" path="res://assets/pow/pow-frame-1.png" id="2_5wiet"]
[ext_resource type="Texture2D" uid="uid://dbu0du73subbn" path="res://assets/pow/pow-frame-2.png" id="3_pv70k"]
[ext_resource type="Texture2D" uid="uid://dk3shjpwio6dh" path="res://assets/pow/pow-frame-3.png" id="4_ktsug"]
[ext_resource type="Texture2D" uid="uid://b3ywdi7b8w2fk" path="res://assets/pow/pow-frame-4.png" id="5_8enqs"]
[ext_resource type="Texture2D" uid="uid://deto1sfwchoxx" path="res://assets/pow/pow-frame-5.png" id="6_yg343"]
[ext_resource type="Texture2D" uid="uid://b38x4f4hppwws" path="res://assets/pow/pow-frame-6.png" id="7_irlx4"]
[ext_resource type="Texture2D" uid="uid://c8oba5ft20wns" path="res://assets/pow/pow-frame-7.png" id="8_gkp3t"]
[ext_resource type="Texture2D" uid="uid://d3x2uewdfhf00" path="res://assets/pow/pow-frame-8.png" id="9_5c7ea"]
[ext_resource type="Texture2D" uid="uid://dpeevhugoi1xw" path="res://assets/pow/pow-frame-9.png" id="10_faktv"]
[ext_resource type="Texture2D" uid="uid://cs0lv26450j5p" path="res://assets/pow/pow-frame-10.png" id="11_0nj8m"]

[sub_resource type="SpriteFrames" id="SpriteFrames_yqihg"]
animations = [{
"frames": [{
"duration": 1.0,
"texture": ExtResource("2_5wiet")
}, {
"duration": 1.0,
"texture": ExtResource("3_pv70k")
}, {
"duration": 1.0,
"texture": ExtResource("4_ktsug")
}, {
"duration": 1.0,
"texture": ExtResource("5_8enqs")
}, {
"duration": 1.0,
"texture": ExtResource("6_yg343")
}, {
"duration": 1.0,
"texture": ExtResource("7_irlx4")
}, {
"duration": 1.0,
"texture": ExtResource("8_gkp3t")
}, {
"duration": 1.0,
"texture": ExtResource("9_5c7ea")
}, {
"duration": 1.0,
"texture": ExtResource("10_faktv")
}, {
"duration": 1.0,
"texture": ExtResource("11_0nj8m")
}],
"loop": false,
"name": &"default",
"speed": 12.0
}]

[sub_resource type="CircleShape2D" id="CircleShape2D_akt4u"]
radius = 20.025

[node name="powerup" type="Area2D" groups=["powerups"]]
script = ExtResource("1_auuom")

[node name="AnimatedSprite2D" type="AnimatedSprite2D" parent="."]
scale = Vector2(0.4, 0.4)
sprite_frames = SubResource("SpriteFrames_yqihg")

[node name="CollisionShape2D" type="CollisionShape2D" parent="."]
scale = Vector2(1, 1)
shape = SubResource("CircleShape2D_akt4u")

[node name="Lifetime" type="Timer" parent="."]
wait_time = 2.0
one_shot = true
autostart = true

[node name="Timer" type="Timer" parent="."]

[connection signal="timeout" from="Lifetime" to="." method="_on_lifetime_timeout"]
[connection signal="timeout" from="Lifetime" to="." method="_on_lifeline_timeout"]
